@article{IndiaEMR,
  title = "A case study of an {EMR} system at a large hospital in {I}ndia:
  {C}hallenges and strategies for successful adoption",
  journal = "Journal of Biomedical Informatics",
  volume = "44",
  number = "6",
  pages = "958 - 967",
  year = "2011",
  note = "",
  issn = "1532-0464",
  doi = "10.1016/j.jbi.2011.07.008",
  url = "http://www.sciencedirect.com/science/article/pii/S1532046411001262",
  author = "Jeremiah Scholl and Shabbir Syed-Abdul and Luai Awad Ahmed",
  keywords = "Developing countries",
  keywords = "Electronic Medical Records",
  keywords = "CSCW",
  keywords = "Participatory design",
  keywords = "ICT4D",
  keywords = "Ethnography",
  keywords = "India"
}

@inproceedings{Jalote2010,
  author = {Jalote-Parmar and Ashis and Badke-Schaub and Petra},
  title = {Situation awareness in medical visualization to support surgical
    decision making},
  booktitle = {Proceedings of the 28th Annual European Conference on Cognitive
    Ergonomics},
  series = {ECCE '10},
  year = {2010},
  isbn = {978-1-60558-946-6},
  location = {Delft, Netherlands},
  pages = {201--208},
  numpages = {8},
  doi = {http://doi.acm.org/10.1145/1962300.1962341},
  acmid = {1962341},
  publisher = {ACM},
  address = {New York, NY, USA},
  keywords = {HCI, medical visualisation, minimally invasive surgery,
    problem-solving, situation awareness, surgical workflow},
}

@inproceedings{UsersAward2,
  author = {Åke Walldius and Sara Daniels and Torbjörn Lind and Nils Göran Olve
    and Bengt Sandblad and Yngve Sundblad},
  title = {The {U}sers{A}ward 2 project – findings and reflections from a {S}wedish
    {N}ational {H}ealthcare {ICT} {S}urvey },
  series = {\engordnumber{5} Human Factors Engineering in Health Informatics
    Symposium 2011},
  year = {2011},
  location = {Trondheim, Norway}
}

@article{Hasvold2011,
  title = "Disrupted rhythms and mobile {ICT} in a surgical department",
  journal = "International Journal of Medical Informatics",
  volume = "80",
  number = "8",
  pages = "e72 - e84",
  year = "2011",
  note = "Special Issue: Supporting Collaboration in Healthcare Settings: The
    Role of Informatics",
  issn = "1386-5056",
  doi = "10.1016/j.ijmedinf.2011.01.006",
  howpublished = {\url{http://www.sciencedirect.com/science/article/pii/S1386505611000293}},
  author = "Per Erlend Hasvold and Jeremiah Scholl",
  keywords = "Rhythms",
  keywords = "Mobile ICT",
  keywords = "Participatory design",
  keywords = "Informal communication",
  keywords = "Collaboration",
  keywords = "Computer Supported cooperative work",
  keywords = "Ethnography",
  keywords = "Nursing informatics"
}
@misc{AgileManifesto,
  Author = {Kent Beck and Mike Beedle and Arie van Bennekum and Alistair
    Cockburn and Ward Cunningham and Martin Fowler and James Grenning and Jim
      Highsmith and Andrew Hunt and Ron Jeffries and Jon Kern and Brian Marick
      and Robert C. Martin and Steve Mellor and Ken Schwaber and Jeff Sutherland
      and Dave Thomas},
  Title = {The agile manifesto},
  howpublished = {\url{http://agilemanifesto.org/}},
   note = "[Online; accessed 16-December-2011]"
}

@misc{Raymond97,
  Author = {Eric S. Raymond},
  Title = {The Cathedral and the Bazaar},
  howpublished = {\url{http://www.catb.org/~esr/writings/cathedral-bazaar/cathedral-bazaar/}},
  note = "[Online; accessed 17-December-2011]",
  year = "1997"
}
